<record><leader>00000cas a22000007a 4500</leader><controlfield tag="001">21437040</controlfield><controlfield tag="008">900427d19241947couwr ne      0    0eng d</controlfield><datafield ind1=" " ind2=" " tag="010"><subfield code="a">sn 90051297 </subfield></datafield><datafield ind1=" " ind2=" " tag="040"><subfield code="a">CNQ</subfield><subfield code="b">eng</subfield><subfield code="c">CNQ</subfield><subfield code="d">OCLCQ</subfield></datafield><datafield ind1=" " ind2=" " tag="042"><subfield code="a">msc</subfield></datafield><datafield ind1="0" ind2=" " tag="130"><subfield code="a">Calhan news and the Ramah record (Calhan, Colo. : 1924)</subfield></datafield><datafield ind1="1" ind2="4" tag="245"><subfield code="a">The Calhan news and the Ramah record.</subfield></datafield><datafield ind1="1" ind2="7" tag="246"><subfield code="a">Calhan news</subfield></datafield><datafield ind1=" " ind2=" " tag="260"><subfield code="a">Calhan, El Paso County, Colo. :</subfield><subfield code="b">Calhan News Pub. Co.</subfield></datafield><datafield ind1=" " ind2=" " tag="300"><subfield code="a">v.</subfield></datafield><datafield ind1=" " ind2=" " tag="310"><subfield code="a">Weekly</subfield></datafield><datafield ind1="0" ind2=" " tag="362"><subfield code="a">Vol. 24, no. 37 (Sept. 3, 1924)-v. 44, no. 36 (Nov. 28, 1947).</subfield></datafield><datafield ind1=" " ind2=" " tag="530"><subfield code="a">Available on microfilm from the Colorado Historical Society.</subfield></datafield><datafield ind1=" " ind2=" " tag="752"><subfield code="a">United States</subfield><subfield code="b">Colorado</subfield><subfield code="c">El Paso</subfield><subfield code="d">Calhan.</subfield></datafield><datafield ind1="0" ind2="4" tag="780"><subfield code="t">Calhan news (Calhan, Colo. : 1901)</subfield><subfield code="w">(DLC)sn 90051296</subfield></datafield><datafield ind1="0" ind2="4" tag="780"><subfield code="t">Ramah record</subfield></datafield><datafield ind1="0" ind2="0" tag="785"><subfield code="t">Calhan news (Calhan, Colo. : 1947)</subfield><subfield code="w">(DLC)sn 90051298</subfield></datafield></record>